@article{apeltauer2015automatic,
  title={Automatic vehicle trajectory extraction for traffic analysis from aerial video data},
  author={Apeltauer, Ji{\v{r}}{\'l} and Babinec, Adam and Herman, David and Apeltauer, Tom{\'a}{\v{s}}},
  journal={The International Archives of Photogrammetry, Remote Sensing and Spatial Information Sciences},
  volume={40},
  number={3},
  pages={9},
  year={2015},
  publisher={Copernicus GmbH}
}